@book{bieg2016finanzierung,
  title={Finanzierung},
  author={Bieg, Hartmut and Ku{\ss}maul, Heinz and Waschbusch, Gerd},
  year={2016},
  publisher={Vahlen}
}
